@book{FM,
  author        = "L. D. Landau and E. M. Lifshitz",
  title         = "Fluid Mechanics",
  publisher     = "England Pergamon Press ",
  address       = "Oxford",
  year          = "1987"
}

@book{SFSW,
  author        = "R. Courant and K. O. Friedrichs",
  title         = "Supersonic Flow and Shock Waves",
  publisher     = "Springer-Verlag ",
  address       = "New York",
  year          = "1976"
}

@article{arnett1977advanced,
  title={Advanced evolution of massive stars. VII-Silicon burning},
  author={Arnett, W DAVID},
  journal={\aaps},
  volume={35},
  pages={145--159},
  year={1977}
}

%@article{bethe1990supernova,
%  title={Supernova mechanisms},
%  author={Bethe, Hans Albrecht},
%  journal={Reviews of Modern Physics},
%  volume={62},
%  number={4},
%  pages={801},
%  year={1990},
%  publisher={APS}
%}

%@article{betti2007shock,
%  title={Shock ignition of thermonuclear fuel with high areal density},
%  author={Betti, R and Zhou, CD and Anderson, KS and Perkins, LJ and Theobald, W and Solodov, AA},
%  journal={Physical review letters},
%  volume={98},
%  number={15},
%  pages={155001},
%  year={2007},
%  publisher={APS}
%}

@article{bian2005spherical,
  title={Spherical isothermal self-similar shock flows},
  author={Bian, Fu-Yan and Lou, Yu-Qing},
  journal={\mnras},
  volume={363},
  number={4},
  pages={1315--1328},
  year={2005},
  publisher={Oxford University Press}
}

@article{bond1984evolution,
  title={The evolution and fate of very massive objects},
  author={Bond, JR and Arnett, WD and Carr, BJ},
  journal={\apj},
  volume={280},
  pages={825--847},
  year={1984}
}

@article{chevalier1997expansion,
  title={Expansion of a Photoionized Stellar Wind},
  author={Chevalier, Roger A},
  journal={\apj},
  volume={488},
  number={1},
  pages={263},
  year={1997},
  publisher={IOP Publishing}
}

@article{chisnell1998analytic,
  title={An analytic description of converging shock waves},
  author={Chisnell, RF},
  journal={J. Fluid Mech.},
  volume={354},
  pages={357--375},
  year={1998},
  publisher={Cambridge Univ Press}
}

@article{fillmore1984self,
  title={Self-similar gravitational collapse in an expanding universe},
  author={Fillmore, James A and Goldreich, Peter},
  journal={\apj},
  volume={281},
  pages={1--8},
  year={1984}
}

@article{fillmore1984self,
  title={Self-similar spherical voids in an expanding universe},
  author={Fillmore, James A and Goldreich, Peter},
  journal={\apj},
  volume={281},
  pages={9--12},
  year={1984}
}

@article{fink2007double,
  title={Double-detonation supernovae of sub-Chandrasekhar mass white dwarfs},
  author={Fink, Michael and Hillebrandt, W and R{\"o}pke, FK},
  journal={\aap},
  volume={476},
  number={3},
  pages={1133--1143},
  year={2007},
  publisher={EDP Sciences}
}

@article{fink2010double,
  title={Double-detonation sub-Chandrasekhar supernovae: can minimum helium shell masses detonate the core?},
  author={Fink, Martin and R{\"o}pke, FK and Hillebrandt, W and Seitenzahl, IR and Sim, SA and Kromer, M},
  journal={\aap},
  volume={514},
  pages={A53},
  year={2010},
  publisher={EDP Sciences}
}

@article{fu2010atomic,
  title={The atomic-to-molecular transition and its relation to the scaling properties of galaxy discs in the local Universe},
  author={Fu, Jian and Guo, Qi and Kauffmann, Guinevere and Krumholz, Mark R},
  journal={\mnras},
  volume={409},
  number={2},
  pages={515--530},
  year={2010},
  publisher={Oxford University Press}
}

@article{guderley1942powerful,
  title={Powerful spherical and cylindrical compression shocks in the neighbourhood of the centre and of the cylinder axis},
  author={Guderley, G},
  journal={Luftfahrtforschung},
  volume={19},
  pages={302--312},
  year={1942}
}

@article{haubold2011fusion,
  title={Fusion yield: Guderley model and Tsallis statistics},
  author={Haubold, HJ and Kumar, Dilip},
  journal={J. Plasma Phys.},
  volume={77},
  number={01},
  pages={1--14},
  year={2011},
  publisher={Cambridge Univ Press}
}

@article{hidalgo2005self,
  title={Self-similar imploding relativistic shock waves},
  author={Hidalgo, JC and Mendoza, S},
  journal={Phy. Fluids (1994-present)},
  volume={17},
  number={9},
  pages={096101},
  year={2005},
  publisher={AIP Publishing}
}

@article{hu2008self,
  title={Self-similar polytropic champagne flows in H ii regions},
  author={Hu, Ren-Yu and Lou, Yu-Qing},
  journal={\mnras},
  volume={390},
  number={4},
  pages={1619--1634},
  year={2008},
  publisher={Oxford University Press}
}

@article{hunter1977collapse,
  title={The collapse of unstable isothermal spheres},
  author={Hunter, C},
  journal={\apj},
  volume={218},
  pages={834--845},
  year={1977}
}

@article{klessen2001formation,
  title={The formation of stellar clusters: mass spectra from turbulent molecular cloud fragmentation},
  author={Klessen, Ralf S},
  journal={\apj},
  volume={556},
  number={2},
  pages={837},
  year={2001},
  publisher={IOP Publishing}
}

@article{kushnir2012,
  title={Imploding Ignition Waves. I. One-dimensional Analysis},
  author={Kushnir, Doron and Livne, Eli and Waxman, Eli},
  journal={\apj},
  volume={752},
  number={2},
  pages={89},
  year={2012},
  publisher={IOP Publishing}
}

@article{larson1969numerical,
  title={Numerical calculations of the dynamics of a collapsing proto-star},
  author={Larson, Richard B},
  journal={\mnras},
  volume={145},
  number={3},
  pages={271--295},
  year={1969},
  publisher={Oxford University Press}
}

@article{larson2003physics,
  title={The physics of star formation},
  author={Larson, Richard B},
  journal={Rep. Prog. Phys.},
  volume={66},
  number={10},
  pages={1651},
  year={2003},
  publisher={IOP Publishing}
}

@article{lazarus1981self,
  title={Self-similar solutions for converging shocks and collapsing cavities},
  author={Lazarus, Roger B},
  journal={SIAM J. Numer. Anal.},
  volume={18},
  number={2},
  pages={316--371},
  year={1981},
  publisher={SIAM}
}

@article{lou2008self,
  title={Self-similar dynamics of a relativistically hot gas},
  author={Lou, Yu-Qing and Cao, Yi},
  journal={\mnras},
  volume={384},
  number={2},
  pages={611--629},
  year={2008},
  publisher={Oxford University Press}
}


@article{lou2006self,
  title={Self-similar shocks in polytropic gas flows around star-forming regions},
  author={Lou, Yu-Qing and Gao, Yang},
  journal={\mnras},
  volume={373},
  number={4},
  pages={1610--1618},
  year={2006},
  publisher={Oxford University Press}
}

@article{lou2010general,
  title={General polytropic magnetofluid under self-gravity: Voids and shocks},
  author={Lou, Yu-Qing and Hu, Ren-Yu},
  journal={\na},
  volume={15},
  number={2},
  pages={198--214},
  year={2010},
  publisher={Elsevier}
}

@article{lou2004envelope,
  title={Envelope expansion with core collapse—I. Spherical isothermal similarity solutions},
  author={Lou, Yu-Qing and Shen, Yue},
  journal={\mnras},
  volume={348},
  number={2},
  pages={717--734},
  year={2004},
  publisher={Oxford University Press}
}

@article{lou2014self,
  title={Self-similar dynamic converging shocks--I. An isothermal gas sphere with self-gravity},
  author={Lou, Yu-Qing and Shi, Chun-Hui},
  journal={\mnras},
  volume={442},
  number={1},
  pages={741--752},
  year={2014},
  publisher={Oxford University Press}
}

@article{lou2012dynamic,
  title={Dynamic voids surrounded by shocked conventional polytropic gas envelopes},
  author={Lou, Yu-Qing and Wang, Lile},
  journal={\mnras},
  volume={420},
  number={3},
  pages={1897--1915},
  year={2012},
  publisher={Oxford University Press}
}

@article{lou2006new,
  title={New self-similar solutions of polytropic gas dynamics},
  author={Lou, Yu-Qing and Wang, Wei-Gang},
  journal={\mnras},
  volume={372},
  number={2},
  pages={885--900},
  year={2006},
  publisher={Oxford University Press}
}

@article{lou2009dynamic,
  title={Dynamic evolution model of isothermal voids and shocks},
  author={Lou, Yu-Qing and Zhai, Xiang},
  journal={\apss},
  volume={323},
  number={1},
  pages={17--40},
  year={2009},
  publisher={Springer}
}
%?
@article{mckee2007theory,
  title={Theory of Star Formation},
  author={McKee, Christopher F and Ostriker, Eve C},
  journal={\aap},
  volume={45},
  number={1},
  pages={565},
  year={2007}
}
%?
@article{meyer1982selfsimilar,
  title={Selfsimilar spherical compression waves in gas dynamics},
  author={Meyer-ter-Vehn, J{\"u}rgen and Schalk, Christian},
  journal={Z. Naturforsch. A},
  volume={37},
  number={8},
  pages={954--970},
  year={1982}
}

@article{oren2009discrete,
  title={Discrete self-similarity in ultrarelativistic type-II strong explosions},
  author={Oren, Yonatan and Sari, Re’em},
  journal={Phys. Fluids},
  volume={21},
  number={10},
  pages={106102},
  year={2009},
  publisher={AIP Publishing}
}

@article{pan2006self,
  title={Self-similar solutions for relativistic shocks emerging from stars with polytropic envelopes},
  author={Pan, Margaret and Sari, Re’em},
  journal={\apj},
  volume={643},
  number={1},
  pages={416},
  year={2006},
  publisher={IOP Publishing}
}

@article{penston1969dynamics,
  title={Dynamics of Self-Gravitating Gaseous Spheres—III: Analytical Results in the Free-fall of Isothermal Cases},
  author={Penston, MV},
  journal={\mnras},
  volume={144},
  number={4},
  pages={425--448},
  year={1969},
  publisher={Oxford University Press}
}

@article{ramsey2012guderley,
  title={The Guderley problem revisited},
  author={Ramsey, Scott D and Kamm, James R and Bolstad, John H},
  journal={Int. J. of Comput. Fluid Dyn.},
  volume={26},
  number={2},
  pages={79--99},
  year={2012},
  publisher={Taylor \& Francis}
}

@article{schaller1992new,
  title={New grids of stellar models from 0.8 to 120 solar masses at Z= 0.020 and Z= 0.001},
  author={Schaller, G{\'e}rard and Schaerer, D and Meynet, G and Maeder, A},
  journal={\aaps},
  volume={96},
  pages={269--331},
  year={1992}
}

@article{shen2004shocked,
  title={Shocked self-similar collapses and flows in star formation processes},
  author={Shen, Yue and Lou, Yu-Qing},
  journal={\apjl},
  volume={611},
  number={2},
  pages={L117},
  year={2004},
  publisher={IOP Publishing}
}

@article{shu1977self,
  title={Self-similar collapse of isothermal spheres and star formation},
  author={Shu, Frank H},
  journal={\apj},
  volume={214},
  pages={488--497},
  year={1977}
}

@article{shu2002self,
  title={Self-similar champagne flows in h ii regions},
  author={Shu, Frank H and Lizano, Susana and Galli, Daniele and Cant{\'o}, Jorge and Laughlin, Gregory},
  journal={\apj},
  volume={580},
  number={2},
  pages={969},
  year={2002},
  publisher={IOP Publishing}
}

@article{tsai1995protostellar,
  title={Protostellar collapse with a shock},
  author={Tsai, John C and Hsu, Juliana JL},
  journal={\apj},
  volume={448},
  pages={774},
  year={1995}
}

@article{vallet2013finite,
  title={Finite Mach number spherical shock wave, application to shock ignition},
  author={Vallet, A and Ribeyre, X and Tikhonchuk, V},
  journal={Phys. Plasmas},
  volume={20},
  number={8},
  pages={082702},
  year={2013},
  publisher={AIP Publishing}
}

@article{wang2008dynamic,
  title={Dynamic evolution of a quasi-spherical general polytropic magnetofluid with self-gravity},
  author={Wang, Wei-Gang and Lou, Yu-Qing},
  journal={\apss},
  volume={315},
  number={1-4},
  pages={135--156},
  year={2008},
  publisher={Springer}
}

@article{whitworth1985self,
  title={Self-similar condensation of spherically symmetric self-gravitating isothermal gas clouds},
  author={Whitworth, Ant and Summers, Danny},
  journal={\mnras},
  volume={214},
  number={1},
  pages={1--25},
  year={1985},
  publisher={Oxford University Press}
}

@article{yuLou2006,
  title={Envelope expansion with core collapse--III. Similarity isothermal shocks in a magnetofluid},
  author={Yu, Cong and Lou, Yu-Qing and Bian, Fu-Yan and Wu, Yan},
  journal={\mnras},
  volume={370},
  number={1},
  pages={121--140},
  year={2006},
  publisher={Oxford University Press}
}

@article{yuLou2005,
  title={Envelope expansion with core collapse—II. Quasi-spherical self-similar solutions for an isothermal magnetofluid},
  author={Yu, Cong and Lou, Yu-Qing},
  journal={\mnras},
  volume={364},
  number={4},
  pages={1168--1184},
  year={2005},
  publisher={Oxford University Press}
}


%-------------additional literature---------------


@article{shaboueinumerical,
  title={Numerical Simulation of Converging Spherical Shock Problem},
  author={Shabouei, M and Ebrahimi, R and Mazaheri, Ku}
}


@article{bourke2001new,
  title={New OH Zeeman measurements of magnetic field strengths in molecular clouds},
  author={Bourke, Tyler L and Myers, Philip C and Robinson, Garry and Hyland, AR},
  journal={\apj},
  volume={554},
  number={2},
  pages={916},
  year={2001},
  publisher={IOP Publishing}
}

@article{girart2009magnetic,
  title={Magnetic fields in the formation of massive stars},
  author={Girart, Josep M and Beltr{\'a}n, Maria T and Zhang, Qizhou and Rao, Ramprasad and Estalella, Robert},
  journal={\sci},
  volume={324},
  number={5933},
  pages={1408--1411},
  year={2009},
  publisher={American Association for the Advancement of Science}
}

@article{heitsch2001gravitational,
  title={Gravitational collapse in turbulent molecular clouds. II. Magnetohydrodynamical turbulence},
  author={Heitsch, Fabian and Mac Low, Mordecai-Mark and Klessen, Ralf S},
  journal={\apj},
  volume={547},
  number={1},
  pages={280},
  year={2001},
  publisher={IOP Publishing}
}

@article{han2007galactic,
  title={The Galactic distribution of magnetic fields in molecular clouds and HII regions},
  author={Han, JL and Zhang, JS},
  journal={\aap},
  volume={464},
  number={2},
  pages={609--614},
  year={2007},
  publisher={EDP Sciences}
}

@article{churchwell2002ultra,
  title={Ultra-compact HII regions and massive star formation},
  author={Churchwell, Ed},
  journal={\araa},
  volume={40},
  number={1},
  pages={27--62},
  year={2002},
  publisher={Annual Reviews 4139 El Camino Way, PO Box 10139, Palo Alto, CA 94303-0139, USA}
}

@article{crutcher1999magnetic,
  title={Magnetic fields in molecular clouds: observations confront theory},
  author={Crutcher, Richard M},
  journal={\apj},
  volume={520},
  number={2},
  pages={706},
  year={1999},
  publisher={IOP Publishing}
}

@incollection{akiyama2004magnetic,
  title={Magnetic fields in supernovae},
  author={Akiyama, Shizuka and Wheeler, J Craig},
  booktitle={Stellar Collapse},
  pages={259--275},
  year={2004},
  publisher={Springer}
}

@article{heger2005presupernova,
  title={Presupernova evolution of differentially rotating massive stars including magnetic fields},
  author={Heger, A and Woosley, SE and Spruit, HC},
  journal={\apj},
  volume={626},
  number={1},
  pages={350},
  year={2005},
  publisher={IOP Publishing}
}

@article{chanmugam1972magnetic,
  title={Magnetic Fields of White Dwarfs},
  author={Chanmugam, G and Gabriel, M},
  journal={\aap},
  volume={16},
  pages={149},
  year={1972}
}

@article{schmidt1992discovery,
  title={Discovery of a sub-megagauss magnetic white dwarf through spectropolarimetry},
  author={Schmidt, Gary D and Stockman, HS and Smith, Paul S},
  journal={\apj},
  volume={398},
  pages={L57--L60},
  year={1992}
}

@article{wickramasinghe2000magnetism,
  title={Magnetism in isolated and binary white dwarfs},
  author={Wickramasinghe, DT and Ferrario, Lilia},
  journal={\pasp},
  volume={112},
  number={773},
  pages={873},
  year={2000},
  publisher={IOP Publishing}
}


@ARTICLE{Metzger2011,
   author = {{Metzger}, B.~D. and {Giannios}, D. and {Thompson}, T.~A. and 
	{Bucciantini}, N. and {Quataert}, E.},
    title = "{The protomagnetar model for gamma-ray bursts}",
  journal = {\mnras},
archivePrefix = "arXiv",
   eprint = {1012.0001},
 primaryClass = "astro-ph.HE",
 keywords = {MHD, gamma-ray burst: general, stars: neutron, stars: winds, outflows},
     year = 2011,
    month = may,
   volume = 413,
    pages = {2031-2056},
      doi = {10.1111/j.1365-2966.2011.18280.x},
   adsurl = {http://adsabs.harvard.edu/abs/2011MNRAS.413.2031M},
  adsnote = {Provided by the SAO/NASA Astrophysics Data System}
}

@ARTICLE{SNIc2013,
   author = {{Inserra}, C. and {Smartt}, S.~J. and {Jerkstrand}, A. and {Valenti}, S. and 
	{Fraser}, M. and {Wright}, D. and {Smith}, K. and {Chen}, T.-W. and 
	{Kotak}, R. and {Pastorello}, A. and {Nicholl}, M. and {Bresolin}, F. and 
	{Kudritzki}, R.~P. and {Benetti}, S. and {Botticella}, M.~T. and 
	{Burgett}, W.~S. and {Chambers}, K.~C. and {Ergon}, M. and {Flewelling}, H. and 
	{Fynbo}, J.~P.~U. and {Geier}, S. and {Hodapp}, K.~W. and {Howell}, D.~A. and 
	{Huber}, M. and {Kaiser}, N. and {Leloudas}, G. and {Magill}, L. and 
	{Magnier}, E.~A. and {McCrum}, M.~G. and {Metcalfe}, N. and 
	{Price}, P.~A. and {Rest}, A. and {Sollerman}, J. and {Sweeney}, W. and 
	{Taddia}, F. and {Taubenberger}, S. and {Tonry}, J.~L. and {Wainscoat}, R.~J. and 
	{Waters}, C. and {Young}, D.},
    title = "{Super-luminous Type Ic Supernovae: Catching a Magnetar by the Tail}",
  journal = {\apj},
archivePrefix = "arXiv",
   eprint = {1304.3320},
 primaryClass = "astro-ph.HE",
 keywords = {stars: magnetars, supernovae: general, supernovae: individual: PTF10hgi PTF11rks SN 2011ke SN 2011kf SN 2012il},
     year = 2013,
    month = jun,
   volume = 770,
      eid = {128},
    pages = {128},
      doi = {10.1088/0004-637X/770/2/128},
   adsurl = {http://adsabs.harvard.edu/abs/2013ApJ...770..128I},
  adsnote = {Provided by the SAO/NASA Astrophysics Data System}
}

@ARTICLE{Woosley2010,
   author = {{Woosley}, S.~E.},
    title = "{Bright Supernovae from Magnetar Birth}",
  journal = {\apjl},
archivePrefix = "arXiv",
   eprint = {0911.0698},
 primaryClass = "astro-ph.HE",
 keywords = {hydrodynamics, shock waves, supernovae: general, turbulence},
     year = 2010,
    month = aug,
   volume = 719,
    pages = {L204-L207},
      doi = {10.1088/2041-8205/719/2/L204},
   adsurl = {http://adsabs.harvard.edu/abs/2010ApJ...719L.204W},
  adsnote = {Provided by the SAO/NASA Astrophysics Data System}
}

@ARTICLE{Woosley2007,
   author = {{Woosley}, S.~E. and {Heger}, A.},
    title = "{Nucleosynthesis and remnants in massive stars of solar metallicity}",
  journal = {\physrep},
   eprint = {astro-ph/0702176},
     year = 2007,
    month = apr,
   volume = 442,
    pages = {269-283},
      doi = {10.1016/j.physrep.2007.02.009},
   adsurl = {http://adsabs.harvard.edu/abs/2007PhR...442..269W},
  adsnote = {Provided by the SAO/NASA Astrophysics Data System}
}
